<record><leader>00000cas a22000007a 4500</leader><controlfield tag="001">22437573</controlfield><controlfield tag="008">900926d19811986nhumn ne      0    0eng d</controlfield><datafield ind1=" " ind2=" " tag="010"><subfield code="a">sn 90064093 </subfield></datafield><datafield ind1=" " ind2=" " tag="040"><subfield code="a">NVH</subfield><subfield code="b">eng</subfield><subfield code="c">NVH</subfield><subfield code="d">DLC</subfield><subfield code="d">OCLCQ</subfield></datafield><datafield ind1=" " ind2=" " tag="042"><subfield code="a">msc</subfield></datafield><datafield ind1="0" ind2="4" tag="245"><subfield code="a">The Westmorelander.</subfield></datafield><datafield ind1=" " ind2=" " tag="260"><subfield code="a">Westmoreland, N.H. :</subfield><subfield code="b">W. Carroll</subfield></datafield><datafield ind1=" " ind2=" " tag="310"><subfield code="a">Monthly (combined July/Aug. and Nov./Dec. issues)</subfield></datafield><datafield ind1="0" ind2=" " tag="362"><subfield code="a">Vol. 1, no. 1 (Feb., 1981)-v. 6, no. 2 (May, 1986).</subfield></datafield><datafield ind1=" " ind2=" " tag="515"><subfield code="a">Vol. numbering irregular.</subfield></datafield><datafield ind1=" " ind2=" " tag="752"><subfield code="a">United States</subfield><subfield code="b">New Hampshire</subfield><subfield code="c">Cheshire</subfield><subfield code="d">Westmoreland.</subfield></datafield></record>